% This file was created with JabRef 2.10.
% Encoding: UTF8


@Manual{blankenburg:usage,
  Title                    = {Correct usage of quantities, units and equations},

  Address                  = {Munich, Germany},
  Author                   = {Blankenburg, Klaus H.},
  Edition                  = {Version 03.00, PD 5214.5061.62},
  Month                    = sep,
  Note                     = {\url{http://cdn.rohde-schwarz.com/pws/dl_downloads/dl_common_library/dl_brochures_and_datasheets/pdf_1/Correct_usage_of_quantities_units_and_equations_bro_en.pdf}},
  Organization             = {Rohde\&Schwarz},
  Year                     = {2012},

  Url                      = {http://cdn.rohde-schwarz.com/pws/dl_downloads/dl_common_library/dl_brochures_and_datasheets/pdf_1/Correct_usage_of_quantities_units_and_equations_bro_en.pdf}
}

@Book{grossman:chicago_manual,
  Title                    = {The Chicago Manual of Style},
  Author                   = {Grossman, John},
  Publisher                = {Univ. of Chicago Press},
  Year                     = {1993},

  Address                  = {Chicago, USA},
  Edition                  = {14},

  ISBN                     = {0-226-10389-7}
}

@Book{hering:technical_reports,
  Title                    = {How to Write Technical Reports: Understandable Structure, Good Design, Convincing Presentation},
  Author                   = {Hering, Lutz and Hering, Heike},
  Publisher                = {Springer-Verlag},
  Year                     = {2010},

  Address                  = {Berlin, Heidelberg},
  Note                     = {\url{http://dx.doi.org/10.1007/978-3-540-69929-3}},

  Doi                      = {10.1007/978-3-540-69929-3},
  ISBN                     = {978-3-540-69929-3}
}

@Electronic{wiki:abstract_en,
  Title                    = {Abstract (summary)},
  Author                   = {{Wikipedia, the free encyclopedia}},
  Month                    = jan,
  Note                     = {\url{http://en.wikipedia.org/wiki/Abstract_%28summary%29}},
  Url                      = {http://en.wikipedia.org/wiki/Abstract_%28summary%29},
  Year                     = {2012},

  Timestamp                = {2012.01.14}
}

@Manual{ieee:citation,
  Title                    = {IEEE Citation Reference},

  Address                  = {New York City, USA},
  Note                     = {\url{https://www.ieee.org/documents/ieeecitationref.pdf}},
  Organization             = {IEEE},

  Url                      = {https://www.ieee.org/documents/ieeecitationref.pdf}
}

@Manual{bipm:si_brochure_8_en,
  Title                    = {The International System of Units ({SI})},

  Address                  = {SÃ¨vres, France},
  Edition                  = {8},
  Month                    = may,
  Note                     = {\url{http://www.bipm.org/en/publications/si-brochure/}},
  Organization             = {International Bureau of Weights and Measures (Bureau International des Poids et Mesures)},
  Year                     = {2006},

  ISBN                     = {92-822-2213-6},
  Url                      = {http://www.bipm.org/en/publications/si-brochure/}
}

