@article{Gray2003,
	author = {Gary L Gray and Francesco Costanzo},
	issue = {1},
	title = {Experiences and lessons learned teaching L A T E X to university students},
	volume = {24},
	url = {http://www.esm.psu.edu/faculty/gray/http://www.esm.psu.edu/faculty/costanzo/http://www.esm.psu.edu/courses/latex-course/.},
	year = {2003},
}

@article{Sasha,
	author = {Sacha Epskamp},
	title = {L A T E X for Methodologists Lecture 1: Introducton},
	url = {http://sachaepskamp.com/latex-course},
}
